% So sieht der Biblatex Eintag für eine Abschlussarbeit aus:
@thesis{ma-sebastian,
author = {Müller, Sebastian},
title = {Clear Sight in Cherenkov-Astronomy},
subtitle = {Investigations of Reflector Geometry and Mirror Alignment for the FACT-Telescope},
year = {2014},
type = {Masterarbeit},
school = {TU Dortmund}
}

% ein Lehrbuch:
@book{kuypers,
    author = {Kuypers, Friedhelm},
    title = {Klassische Mechanik},
    year = {2010},
    publisher = {Wiley-VCH},
    series = {9. Auflage}
}

@BOOK{handbook_adhesives,
  editor =       {Satas, D.},
  TITLE =        {Handbook of pressure sensitive adhesive technology},
  PUBLISHER =    {Van Nostrand Reinhold},
  YEAR =         {1989},
  address =      {New York},
  edition =      {2nd},
}


% Ein in einem Journal veröffentlichter Artikel (Paper):
@article{pdg,
      author         = "Beringer, J. and others",
      title          = "{Review of Particle Physics (RPP)}",
      collaboration  = "Particle Data Group",
      journal        = "Phys.Rev.",
      volume         = "D86",
      pages          = "010001",
      doi            = "10.1103/PhysRevD.86.010001",
      year           = "2012",
      SLACcitation   = "%%CITATION = PHRVA,D86,010001;%%",
}
@ARTICLE{einstein,
  author = {Einstein, A.},
  title = {A Generalization of the relativistic theory of Gravitation},
  journal = {Annals of Mathematics},
  year = {1945},
  volume = {46},
  pages = {578-584},
  number = {4}
  }


% eine Internet Quelle
@MANUAL{siunitx,
    title   = {siunitx - A comprehensive (SI) units package},
    url = {http://mirror.selfnet.de/tex-archive/macros/latex/contrib/siunitx/siunitx.pdf},
    date = {2020},
    author = {Wright, Joseph}
}
%%%%%%%%%%%%%%%%%%%%%%%%%%%%%%%%%%%%%%%%%%%%%%%%%%%%%%%%%%%%%%%%%%%%%%%%%%%%%%%%%%%%%%%%%%%%%%%%%%%%%%%%%%%%%%%%%%%%%%%%%%%%%%%
% eine Internet Quelle
@MANUAL{allg_paper,
    title   = {Routing the emission of a near-surface light source by a magnetic field},
    url = {https://www.nature.com/articles/s41567-018-0232-7#Sec5},
    date = {2020},
    author = {Spitzer und andere, Felix}
}
@book{plasmonics,
    author = {Maier, Stefan Alexander},
    title = {Plasmonics: Fundamentals and Applications},
    year = {2007},
    publisher = {Springer US.},
    series = {9. Auflage}
}
@book{zeeman,
    author = {Gaj und Jacek Kossut, Jan A.},
    title = {Basic Consequences of sp–d and d–d Interactions in DMS},
    year = {2010},
    address = {Berlin},
    publisher = {Springer US.},
    doi = {10.1007/978-3-642-15856-8_1},
    series = {9. Auflage}
}
@book{jens,
    author = {Jimenez und Jens W. Tomm, Juan.},
    title = {Spectroscopic Analysis of Optoelectronic Semiconductors},
    year = {2016},
    address = {Switzerland},
    publisher = {Springer Int.},
    doi = {10.1007/978-3-319-42349-4},
    series = {202. Auflage}
}
@ARTICLE{disp,
  author = {Zhang, Junxi.},
  title = {Surface plasmon polaritons: physics and applications},
  journal = {Journal of Physics D: Applied Physics},
  year = {2012},
  volume = {45},
  number = {11},
  pages = {4},
  doi = {10.1088/0022-3727/45/11/113001},
}

@thesis{felix,
author = {Spitzer, Felix},
title = {Controlling the Itensity of Light in Hybrid Plamonic Structures by a Transverse Magnetic Field},
year = {2018},
type = {Dissertation},
school = {TU Dortmund}
}
@thesis{lars,
author = {Klompmaker, Lars},
title = {Magnetische Kontrolle der Emissionsrichtung photolumineszenter Strahlung einer plasmonischen Halbleiterprobe},
year = {2017},
type = {Masterarbeit},
school = {TU Dortmund}
}
%%%%%%%%%%%%%%%%%%%%%%%%%%%%%%%%%%%%%%%%%%%%%%%%%%%%%%%%%%%%%%%%%%%%%%%%%%%%%%%%%%%%%%%%%%%%%%%%%%%%%%%%%%%%%%%%%%%%%%%%%%%%%%%



@MANUAL{koma,
    title   = {KOMA -Script},
    subtitle = {ein wandelbares LaTeX-Paket},
    url = {http://mirror.selfnet.de/tex-archive/macros/latex/contrib/koma-script/doc/scrguide.pdf},
    date = {2013},
    author = {Kohm, Markus and Morawski, Jens-Uwe}
}
@MANUAL{biblatex,
    title   = {The Biblatex Package},
    subtitle = {Programmable Bibliographies and Citations},
    url = {ftp://ftp.fu-berlin.de/tex/CTAN/macros/latex/contrib/biblatex/doc/biblatex.pdf},
    date = {2014},
    author = {Lehman, Philipp and others}
}
@ELECTRONIC{make,
    title   = {Gnu-Make Homepage},
    url = {http://www.gnu.org/software/make/},
    date = {2014},
}
@ELECTRONIC{toolbox,
    title   = {Pep et al.\ Toolbox -- \LaTeX-Folien},
    url = {http://toolbox.pep-dortmund.org/files/archive/2014/latex.pdf},
    date = {2014},
}
@ELECTRONIC{gitbash,
    title   = {Git Bash - Download},
    url = {http://msysgit.github.io/},
    date = {2014},
}
@ELECTRONIC{pleser,
    title   = {Modern Packages for LaTeX},
    url = {http://philippleser.de/physics/latex},
    date = {2014},
    author = {Leser, Philipp}
}
@MANUAL{l2tabu,
    title   = {Das LATEX2ε-Sündenregister},
    author = {Ensenbach, Marc and Trettin, Mark},
    url = {ftp://ftp.mpi-sb.mpg.de/pub/tex/mirror/ftp.dante.de/pub/tex/info/l2tabu/german/l2tabu.pdf},
    date = {2011},
}
@ELECTRONIC{texmaker,
    title   = {Texmaker},
    subtitle =  {The universal LaTeX editor, Downloads},
    url = {http://www.xm1math.net/texmaker/download.html},
    date = {2014},
}
